<?xml version="1.0" encoding="UTF-8"?><collection xmlns="http://www.loc.gov/MARC21/slim"><record><leader>00515nam--2200181-i-4500</leader><controlfield tag="001">000010262</controlfield><controlfield tag="002">20161230</controlfield><controlfield tag="005">20161230201028</controlfield><controlfield tag="008">060222s1000------------r-----000-0-eng-d</controlfield><datafield ind1=" " ind2=" " tag="040"><subfield code="a">IFIN-HH</subfield></datafield><datafield ind1=" " ind2=" " tag="080"><subfield code="a">537:538:530.1:538.3:621.37</subfield></datafield><datafield ind1="1" ind2=" " tag="100"><subfield code="a">Lorrain, Paul</subfield></datafield><datafield ind1="1" ind2="0" tag="245"><subfield code="a">Electromagnetic fields and waves</subfield><subfield code="c">Paul lorrain; dale r. corson</subfield></datafield><datafield ind1=" " ind2=" " tag="260"><subfield code="a">San Francisco</subfield><subfield code="b">W.H. Freeman And Company</subfield><subfield code="c">1970</subfield></datafield><datafield ind1=" " ind2=" " tag="300"><subfield code="a">XXV + 706 P</subfield></datafield><datafield ind1="1" ind2=" " tag="700"><subfield code="a">Corson, Dale R</subfield></datafield><datafield ind1=" " ind2=" " tag="852"><subfield code="a">37332</subfield><subfield code="c">537:538</subfield></datafield><datafield ind1=" " ind2=" " tag="CAT"><subfield code="a">Sys</subfield><subfield code="c">20110617</subfield><subfield code="h">132912</subfield></datafield></record></collection>